@article{lim_weare, title={Fast Randomized Iteration: Diffusion Monte Carlo through the Lens of Numerical Linear Algebra}, volume={59}, DOI={10.1137/15m1040827}, number={3}, journal={SIAM Review}, author={Lim, Lek-Heng and Weare, Jonathan}, year={2017}, pages={547â€“587}}

@article{cipra, title={An Introduction to the Ising Model}, volume={94}, DOI={10.2307/2322600}, number={10}, journal={The American Mathematical Monthly}, author={Cipra, Barry A.}, year={1987}, pages={937}}
